@online{mininet,
  title="{Mininet Overview}",
  url="http://mininet.org/overview/",
  note="(2014, October 22)",
}